<record xmlns:xsi="http://www.w3.org/2001/XMLSchema-instance" xmlns="http://www.loc.gov/MARC21/slim" xsi:schemaLocation="http://www.loc.gov/MARC21/slim http://www.loc.gov/standards/marcxml/schema/MARC21slim.xsd">

  <leader>     nam a22     7a 4500</leader>
  <datafield tag="999" ind2=" " ind1=" ">
    <subfield code="c">3465</subfield>
    <subfield code="d">3465</subfield>
  </datafield>
  <controlfield tag="008">171213b2017    cr ||||| |||| 00| | spa d</controlfield>
  <datafield tag="090" ind2=" " ind1=" ">
    <subfield code="a">06.06.02</subfield>
    <subfield code="b">2440 </subfield>
  </datafield>
  <datafield ind2=" " ind1="1" tag="100">
    <subfield code="9">983</subfield>
    <subfield code="a">Piedra García, Luis Ángel</subfield>
  </datafield>
  <datafield ind2="4" ind1="1" tag="245">
    <subfield code="a">Los procesos empáticos en las prácticas formativas en la Universidad de Costa Rica: un estudio empírico en las ciencias de la salud, las ciencias naturales y las ciencias sociales /</subfield>
    <subfield code="c">Luis Ángel Piedra García</subfield>
  </datafield>
  <datafield ind2=" " ind1=" " tag="300">
    <subfield code="a">64 páginas</subfield>
  </datafield>
  <datafield ind2=" " ind1=" " tag="500">
    <subfield code="a">Infome Proyecto de Investigación Nº 724-B5-312</subfield>
  </datafield>
  <datafield ind2="4" ind1="1" tag="650">
    <subfield code="9">1021</subfield>
    <subfield code="a">RELACIONES ENTRE DOCENTES Y ALUMNOS </subfield>
  </datafield>
  <datafield tag="650" ind2="4" ind1="1">
    <subfield code="9">920</subfield>
    <subfield code="a">DOCENCIA UNIVERSITARIA</subfield>
  </datafield>
  <datafield ind2=" " ind1=" " tag="942">
    <subfield code="2">z</subfield>
    <subfield code="c">04</subfield>
  </datafield>
</record>